<record><leader>00000cas a2200000 a 4500</leader><controlfield tag="001">28303589</controlfield><controlfield tag="007">hd afb021baca</controlfield><controlfield tag="008">930621d18541870scuwr nea     0    0eng c</controlfield><controlfield tag="009">276</controlfield><datafield ind1=" " ind2=" " tag="010"><subfield code="a">  2009257310</subfield></datafield><datafield ind1=" " ind2=" " tag="040"><subfield code="a">EMU</subfield><subfield code="b">eng</subfield><subfield code="c">EMU</subfield><subfield code="d">OCL</subfield><subfield code="d">OCLCQ</subfield><subfield code="d">CUI</subfield><subfield code="d">INU</subfield><subfield code="d">OCLCF</subfield></datafield><datafield ind1=" " ind2=" " tag="019"><subfield code="a">18329266</subfield></datafield><datafield ind1=" " ind2=" " tag="042"><subfield code="a">pcc</subfield></datafield><datafield ind1=" " ind2=" " tag="043"><subfield code="a">n-us-sc</subfield></datafield><datafield ind1=" " ind2="4" tag="050"><subfield code="a">AN2.S6</subfield><subfield code="b">G77</subfield></datafield><datafield ind1="0" ind2=" " tag="130"><subfield code="a">Southern enterprise (Greenville, S.C. : 1854)</subfield></datafield><datafield ind1="1" ind2="4" tag="245"><subfield code="a">The southern enterprise</subfield><subfield code="h">[microform].</subfield></datafield><datafield ind1="3" ind2="0" tag="246"><subfield code="a">Enterprise</subfield></datafield><datafield ind1=" " ind2=" " tag="260"><subfield code="a">Greenville, S.C. :</subfield><subfield code="b">T.J. Price and W.P. Price,</subfield><subfield code="c">1854-1870.</subfield></datafield><datafield ind1=" " ind2=" " tag="300"><subfield code="a">16 v. :</subfield><subfield code="b">ill. (chiefly advertisements) ;</subfield><subfield code="c">56 cm.</subfield></datafield><datafield ind1=" " ind2=" " tag="310"><subfield code="a">Weekly</subfield></datafield><datafield ind1="0" ind2=" " tag="362"><subfield code="a">Vol. 1, no. 1 (May 19, 1854)- v. 16, no. 37 (Feb. 2, 1870).</subfield></datafield><datafield ind1=" " ind2=" " tag="500"><subfield code="a">Publisher varies.</subfield></datafield><datafield ind1=" " ind2=" " tag="533"><subfield code="a">Microfilm.</subfield><subfield code="b">Columbia, S.C. :</subfield><subfield code="c">South Caroliniana Library, University of South Carolina ;</subfield><subfield code="b">Wilmington, Del. :</subfield><subfield code="c">distributed by Scholarly Resources,</subfield><subfield code="d">1988.</subfield><subfield code="e">2 microfilm reels ; 35 mm.</subfield><subfield code="n">2nd reel includes some issues of: The Greenville enterprise.</subfield></datafield><datafield ind1=" " ind2="0" tag="651"><subfield code="a">Greenville (S.C.)</subfield><subfield code="v">Newspapers.</subfield></datafield><datafield ind1=" " ind2="0" tag="651"><subfield code="a">Greenville County (S.C.)</subfield><subfield code="v">Newspapers.</subfield></datafield><datafield ind1=" " ind2="7" tag="655"><subfield code="a">Newspapers.</subfield><subfield code="2">fast</subfield><subfield code="0">(OCoLC)fst01423814</subfield></datafield><datafield ind1=" " ind2="7" tag="651"><subfield code="a">South Carolina</subfield><subfield code="z">Greenville.</subfield><subfield code="2">fast</subfield><subfield code="0">(OCoLC)fst01203010</subfield></datafield><datafield ind1=" " ind2="7" tag="651"><subfield code="a">South Carolina</subfield><subfield code="z">Greenville County.</subfield><subfield code="2">fast</subfield><subfield code="0">(OCoLC)fst01209838</subfield></datafield><datafield ind1=" " ind2=" " tag="752"><subfield code="a">United States</subfield><subfield code="b">South Carolina</subfield><subfield code="c">Greenville</subfield><subfield code="d">Greenville.</subfield></datafield><datafield ind1="1" ind2=" " tag="776"><subfield code="c">Original</subfield><subfield code="w">(DLC)sn 85027003</subfield><subfield code="w">(OCoLC)12864652</subfield></datafield><datafield ind1="0" ind2="0" tag="785"><subfield code="t">Greenville enterprise</subfield><subfield code="w">(DLC)  2009257311</subfield><subfield code="w">(OCoLC)18322676</subfield></datafield></record>